<?xml version="1.0" encoding="UTF-8"?><collection xmlns="http://www.loc.gov/MARC21/slim"><record><leader>00528nam--2200193-u-4500</leader><controlfield tag="001">000052471</controlfield><controlfield tag="002">20161230</controlfield><controlfield tag="005">20161230201050</controlfield><controlfield tag="008">100721s1000------------r-----000-0-rum-d</controlfield><datafield ind1=" " ind2=" " tag="040"><subfield code="a">IFIN-HH</subfield></datafield><datafield ind1=" " ind2=" " tag="041"><subfield code="a">rum</subfield></datafield><datafield ind1=" " ind2=" " tag="080"><subfield code="a">532(07)</subfield></datafield><datafield ind1="1" ind2=" " tag="100"><subfield code="a">Florea, J</subfield></datafield><datafield ind1="1" ind2="0" tag="245"><subfield code="a">Mecanica fluidelor</subfield><subfield code="b">Probleme</subfield><subfield code="c">Julieta florea, gheorghe zidaru, valeriu panaitescu</subfield></datafield><datafield ind1=" " ind2=" " tag="260"><subfield code="a">Bucuresti</subfield><subfield code="b">Editura Didactica Si Pedagogica</subfield><subfield code="c">1976</subfield></datafield><datafield ind1=" " ind2=" " tag="300"><subfield code="a">391 P</subfield></datafield><datafield ind1="1" ind2=" " tag="700"><subfield code="a">Panaitescu Valeriu</subfield></datafield><datafield ind1=" " ind2=" " tag="852"><subfield code="a">43741</subfield><subfield code="c">532</subfield></datafield><datafield ind1=" " ind2=" " tag="CAT"><subfield code="a">Sys</subfield><subfield code="c">20130314</subfield><subfield code="h">165337</subfield></datafield></record></collection>